@article{kamasak2005,
title={Direct reconstruction of kinetic parameter images from dynamic PET data},
author={Kamasak, Mustafa E and Bouman, Charles A and Morris, Evan D and Sauer, Ken},
journal={IEEE Transactions on Medical Imaging},
volume={24},
number={5},
pages={636--650},
year={2005},
publisher={IEEE}
}
@article{dimitrakopoulou2023,
title={Long axial field of view (LAFOV) PET-CT: implementation in static and dynamic oncological studies},
author={Dimitrakopoulou-Strauss, Antonia and Lapa, Constantin and Sachpekidis, Christos and Pan, Leyun and Marx, Andreas and Kronke, Stefanie and Buck, Andreas and Schwenck, Johannes and Gupta, Preeti},
journal={European Journal of Nuclear Medicine and Molecular Imaging},
volume={50},
number={7},
pages={2138--2148},
year={2023},
publisher={Springer}
}
@article{surti2020,
title={Total Body PET: Why, How, What for?},
author={Surti, Suleman and Pantel, Austin R and Karp, Joel S},
journal={IEEE Transactions on Radiation and Plasma Medical Sciences},
volume={4},
number={3},
pages={283--292},
year={2020},
publisher={IEEE}
}
@inproceedings{debenetti2023,
title={Self-Supervised Learning for Physiologically-Based Pharmacokinetic Modeling in Dynamic PET},
author={De Benetti, Francesca and Simson, Walter and Paschali, Magdalini and Sari, Hasan and Rominger, Axel and Shi, Kuangyu and Navab, Nassir and Wendler, Thomas},
booktitle={Medical Image Computing and Computer Assisted Intervention -- MICCAI 2023},
pages={289--299},
year={2023},
publisher={Springer Nature Switzerland},
address={Cham},
doi={10.1007/978-3-031-43907-0_28}
}